
<record>
  <controlfield tag="001">613711</controlfield>
  <datafield tag="024" ind1="7" ind2=" ">
    <subfield code="a">10.1016/S0370-2693(03)00337-X</subfield>
    <subfield code="2">DOI</subfield>
  </datafield>
  <datafield tag="035" ind1=" " ind2=" ">
    <subfield code="a">oai:arXiv.org:hep-ex/0302027</subfield>
    <subfield code="z">oai:arXiv.org:hep-ex/0302027</subfield>
    <subfield code="9">arXiv</subfield>
  </datafield>
  <datafield tag="035" ind1=" " ind2=" ">
    <subfield code="z">D03-08450</subfield>
    <subfield code="9">DESY</subfield>
  </datafield>
  <datafield tag="035" ind1=" " ind2=" ">
    <subfield code="z">2365191</subfield>
    <subfield code="9">CERNKEY</subfield>
  </datafield>
  <datafield tag="035" ind1=" " ind2=" ">
    <subfield code="a">Abbiendi:2003fq</subfield>
    <subfield code="9">SPIRESTeX</subfield>
  </datafield>
  <datafield tag="035" ind1=" " ind2=" ">
    <subfield code="9">CDS</subfield>
    <subfield code="a">606019</subfield>
  </datafield>
  <datafield tag="035" ind1=" " ind2=" ">
    <subfield code="9">ADS</subfield>
    <subfield code="a">2003PhLB..559..131O</subfield>
  </datafield>
  <datafield tag="037" ind1=" " ind2=" ">
    <subfield code="a">hep-ex/0302027</subfield>
    <subfield code="9">arXiv</subfield>
    <subfield code="c">hep-ex</subfield>
  </datafield>
  <datafield tag="037" ind1=" " ind2=" ">
    <subfield code="a">CERN-EP-2003-005</subfield>
  </datafield>
  <datafield tag="245" ind1=" " ind2=" ">
    <subfield code="a">Bose-Einstein correlations of pi0 pairs from hadronic Z0 decays</subfield>
  </datafield>
  <datafield tag="710" ind1=" " ind2=" ">
    <subfield code="g">OPAL</subfield>
  </datafield>
</record>

</collection>